%% This BibTeX bibliography file was created using BibDesk.
%% http://bibdesk.sourceforge.net/

@article{barroso2012comparaccoes,
  title={Compara{\c{c}}{\~o}es dos softwares BILOG-MG e R no uso da Teoria de Resposta ao Item (pp. 152)},
  author={Barroso, Nat{\'a}lia Caixeta and Rodrigues, Mayara Aparecida},
  journal={Revista da Estat{\'\i}stica da Universidade Federal de Ouro Preto},
  volume={2},
  year={2012}
}

@article{sancineto2005impacto,
  title={Impacto do tamanho da amostra na calibra{\c{c}}{\~a}o de itens e estimativa de escores por teoria de resposta ao item},
  author={Sancineto da Silva Nunes, Carlos Henrique and Primi, Ricardo},
  journal={Avalia{\c{c}}{\~a}o Psicol{\'o}gica},
  volume={4},
  number={2},
  year={2005},
  publisher={Instituto Brasileiro de Avalia{\c{c}}{\~a}o Psicol{\'o}gica}
}

@BOOK {silva,
    author    = "Ivan Nunes da Silva and Danilo Hernane Spatti and Rogério Andrade Flauzino",
    title     = "Redes Neurais Artificiais para engenharia e ciências cplicadas",
    publisher = "Artliber Editora Ltda",
    year      = "2016",
    edition   = "second"
}

  @Article{mirt,
    title = {{mirt}: A Multidimensional Item Response Theory Package for the {R} Environment},
    author = {R. Philip Chalmers},
    journal = {Journal of Statistical Software},
    year = {2012},
    volume = {48},
    number = {6},
    pages = {1--29},
    doi = {10.18637/jss.v048.i06},
  }
  
    @Manual{rprogram,
    title = {R: A Language and Environment for Statistical Computing},
    author = {{R Core Team}},
    organization = {R Foundation for Statistical Computing},
    address = {Vienna, Austria},
    year = {2017},
    url = {https://www.R-project.org/},
  }

  
 @Article{ltm,
    title = {ltm: An R package for Latent Variable Modelling and Item Response Theory Analyses},
    author = {Dimitris Rizopoulos},
    journal = {Journal of Statistical Software},
    year = {2006},
    volume = {17},
    number = {5},
    pages = {1--25},
    url = {http://www.jstatsoft.org/v17/i05/},
  }
  
@article{chagas2009utilizaccao,
  title={Utiliza{\c{c}}{\~a}o de redes neurais artificiais na classifica{\c{c}}{\~a}o de n{\'\i}veis de degrada{\c{c}}{\~a}o em pastagens},
  author={Chagas, C{\'e}sar S and Vieira, Carlos AO and Fernandes Filho, EI and Carvalho Junior, W},
  journal={Revista Brasileira de Engenharia Agr{\'\i}cola e Ambiental},
  volume={13},
  number={3},
  pages={319--327},
  year={2009}
}

@article{dosteoria,
  title={Teoria da Resposta ao Item com uso do R},
  author={dos Anjos, Adilson and de Andrade, Dalton Francisco},
  year = {2012}
}

@article{moreira,
	address = {Belo Horizonte},
	author = {Fabricia Gomes Moreira},
	publisher = {UFMG},
	title = {Cálculo das proficiências dos alunos de MG na prova de matemática do ENEM de 2011 através de um modelo da Teoria de Resposta ao Item},
	year = {2014}
}

@misc{guiaEstudante,
	Organization = {Guia do Estudante},
	Title = {Enem: veja como 1.434 instituições usam a nota do exame},
    author = {Lisandra Matias and Simone Toledo},
	Url = {https://guiadoestudante.abril.com.br/enem/enem-como-1-434-instituicoes-usam-a-nota-do-exame-2/},
	Urlaccessdate = {20 jul. 2018},
	Year = {2016}
}


@book{mingoti,
	address = {Belo Horizonte},
	author = {Sueli Aparecida Mingoti},
	publisher = {Editora UFMG},
	title = {Análise de dados através de métodos de estatística multivariada},
	year = {2005}
}

@article{tavares,
	Author = {Dalton Francisco de Andrade and Heiton Ribeiro Tavares and Raquel da Cunha Valle},
	Address = {Caxambu},
	Pages = {1-164},
	Title = {Teoria de resposta ao item: Conceitos e aplicações},
	Year = {2000}
}

@article{castro,
	address = {Belo Horizonte},
	author = {Luciano Guimarães Monteiro de Castro},
	publisher = {UFMG},
	title = {Análise dos Microdados do ENEM a partir da Teoria da Resposta ao Item},
	year = {2017}
}








 
















